@article{Planck:2018vyg,
    author = "Aghanim, N. and others",
    collaboration = "Planck",
    title = "{Planck 2018 results. VI. Cosmological parameters}",
    eprint = "1807.06209",
    archivePrefix = "arXiv",
    primaryClass = "astro-ph.CO",
    doi = "10.1051/0004-6361/201833910",
    journal = "Astron. Astrophys.",
    volume = "641",
    pages = "A6",
    year = "2020",
    note = "[Erratum: Astron.Astrophys. 652, C4 (2021)]"
}

@article{Riess:2021jrx,
    author = "Riess, Adam G. and others",
    title = "{A Comprehensive Measurement of the Local Value of the Hubble Constant with 1 km s$^{−1}$ Mpc$^{−1}$ Uncertainty from the Hubble Space Telescope and the SH0ES Team}",
    eprint = "2112.04510",
    archivePrefix = "arXiv",
    primaryClass = "astro-ph.CO",
    doi = "10.3847/2041-8213/ac5c5b",
    journal = "Astrophys. J. Lett.",
    volume = "934",
    number = "1",
    pages = "L7",
    year = "2022"
}

@article{LIGOScientific:2017adf,
    author = "Abbott, B. P. and others",
    collaboration = "LIGO Scientific, Virgo, 1M2H, Dark Energy Camera GW-E, DES, DLT40, Las Cumbres Observatory, VINROUGE, MASTER",
    title = "{A gravitational-wave standard siren measurement of the Hubble constant}",
    eprint = "1710.05835",
    archivePrefix = "arXiv",
    primaryClass = "astro-ph.CO",
    reportNumber = "LIGO-P1700296, FERMILAB-PUB-17-472-A-AE",
    doi = "10.1038/nature24471",
    journal = "Nature",
    volume = "551",
    number = "7678",
    pages = "85--88",
    year = "2017"
}

@article{Luger2021,
       author = { {Luger}, Rodrigo and {Bedell}, Megan and {Foreman-Mackey}, Daniel and {Crossfield}, Ian J.~M. and {Zhao}, Lily L. and {Hogg}, David W.},
        title = "{Mapping stellar surfaces III: An Efficient, Scalable, and Open-Source Doppler Imaging Model}",
      journal = {arXiv e-prints},
     keywords = {Astrophysics - Solar and Stellar Astrophysics, Astrophysics - Earth and Planetary Astrophysics, Astrophysics - Instrumentation and Methods for Astrophysics},
         year = 2021,
        month = oct,
          eid = {arXiv:2110.06271},
        pages = {arXiv:2110.06271},
archivePrefix = {arXiv},
       eprint = {2110.06271},
 primaryClass = {astro-ph.SR},
       adsurl = {https://ui.adsabs.harvard.edu/abs/2021arXiv211006271L},
      adsnote = {Provided by the SAO/NASA Astrophysics Data System}
}
